%% This BibTeX bibliography file was created using BibDesk.
%% http://www.cs.ucsd.edu/~mmccrack/bibdesk.html


%% Created for Moacir at 2015-11-20 02:02:18 -0500 


%% Saved with string encoding Unicode (UTF-8) 



@inbook{situated-knowledges,
	Crossref = {simians-cyborgs},
	Date-Added = {2015-11-20 06:55:01 +0000},
	Date-Modified = {2015-11-20 07:02:17 +0000},
	Pages = {183--202},
	Title = {Situated Knowledges: The Science Question in Feminism and the Privilege of Partial Perspective}}

@inbook{city-limits,
	Crossref = {colossus-of-new-york},
	Date-Added = {2015-11-20 06:51:50 +0000},
	Date-Modified = {2015-11-20 06:51:50 +0000},
	Pages = {3--11},
	Title = {City Limits}}

@book{colossus-of-new-york,
	Address = {New York},
	Author = {Whitehead, Colson},
	Booktitle = {{The colossus of {New} {York}: a city in thirteen parts}},
	Date-Added = {2015-11-20 06:51:50 +0000},
	Date-Modified = {2015-11-20 06:51:50 +0000},
	Edition = {1st Anchor books ed.},
	Isbn = {978-1-4000-3124-5},
	Keywords = {New York (N.Y.) -- Description and travel, New York (N.Y.) -- Social life and customs, Whitehead, Colson, 1969- -- Homes and haunts -- New York (State) -- New York},
	Publisher = {Anchor Books},
	Shorttitle = {The colossus of {New} {York}},
	Title = {{The colossus of {New} {York}: a city in thirteen parts}},
	Year = {2004}}

@book{rebel-cities,
	Address = {London},
	Author = {Harvey, David},
	Booktitle = {{Rebel cities: from the right to the city to the urban revolution}},
	Date-Added = {2015-11-20 06:51:17 +0000},
	Date-Modified = {2015-11-20 06:51:17 +0000},
	Isbn = {978-1-84467-882-2},
	Keywords = {Anti-globalization movement -- Case studies, Capitalism -- Case studies, Social justice -- Case studies},
	Publisher = {Verso},
	Shorttitle = {Rebel cities},
	Title = {{Rebel cities: from the right to the city to the urban revolution}},
	Year = {2012}}

@article{pavlovskaya,
	Author = {Marianna Pavlovskaya},
	Date-Added = {2015-11-20 06:43:19 +0000},
	Date-Modified = {2015-11-20 06:43:19 +0000},
	Journal = {Environment and Planning A},
	Number = {11},
	Pages = {2003--2020},
	Title = {Theorizing with {GIS:} a Tool for Critical Geographies?},
	Url = {http://www.swetswise.com.proxy.uchicago.edu/eAccess/viewToc.do?titleID=68446&yevoID=2346008},
	Volume = {38},
	Year = {2006},
	Bdsk-Url-1 = {http://www.swetswise.com.proxy.uchicago.edu/eAccess/viewToc.do?titleID=68446&yevoID=2346008}}

@book{simmel-individuality,
	Address = {Chicago},
	Author = {Georg Simmel},
	Date-Added = {2015-11-20 06:34:35 +0000},
	Date-Modified = {2015-11-20 06:56:08 +0000},
	Editor = {Donald N. Levine},
	Isbn = {0226757757},
	Keywords = {Social psychology,Sociology},
	Pages = {395},
	Publisher = {University of Chicago Press},
	Title = {On individuality and social forms : selected writings},
	Year = {1971}}

@incollection{burgess,
	Address = {Chicago},
	Author = {Ernest Watson Burgess},
	Booktitle = {The City},
	Crossref = {park_city_1984},
	Date-Added = {2015-11-20 06:34:21 +0000},
	Date-Modified = {2015-11-20 06:34:21 +0000},
	Editor = {Roderick Duncan {McKenzie}},
	Isbn = {0226646114},
	Keywords = {Sociology, Urban},
	Pages = {1--46},
	Publisher = {University of Chicago Press},
	Series = {Heritage of sociology},
	Shorttitle = {The Growth of the City},
	Title = {The Growth of the City: An Introduction to a Research Project},
	Year = {1984}}

@incollection{park,
	Author = {Robert Ezra Park},
	Crossref = {park_city_1984},
	Date-Added = {2015-11-20 06:34:10 +0000},
	Date-Modified = {2015-11-20 06:34:10 +0000},
	Isbn = {0226646114},
	Keywords = {Sociology, Urban},
	Pages = {1--46},
	Shorttitle = {The City},
	Title = {The City: Suggestions for the Investigation of Human Behavior in the Urban Environment}}

@book{park_city_1984,
	Address = {Chicago},
	Author = {Robert Ezra Park and Ernest Watson Burgess},
	Booktitle = {The City},
	Date-Added = {2015-11-20 06:34:10 +0000},
	Date-Modified = {2015-11-20 06:34:10 +0000},
	Editor = {Roderick Duncan {McKenzie}},
	Isbn = {0226646114},
	Keywords = {Sociology, Urban},
	Origyear = {1925},
	Publisher = {University of Chicago Press},
	Title = {The City},
	Year = {1984}}

@book{simians-cyborgs,
	Address = {New York},
	Author = {Haraway, Donna Jeanne.},
	Booktitle = {{Simians, cyborgs, and women: the reinvention of nature}},
	Date-Added = {2015-11-20 06:32:37 +0000},
	Date-Modified = {2015-11-20 06:52:34 +0000},
	Isbn = {978-0-415-90386-8},
	Keywords = {Comportement humain, Critique f{\'e}ministe, Feminisme, Feminist criticism, Human behavior, Primates -- Behavior, Primates -- Moeurs et comportement, Sociobiologie, Sociobiology},
	Publisher = {Routledge},
	Shorttitle = {Simians, cyborgs, and women},
	Title = {{Simians, cyborgs, and women: the reinvention of nature}},
	Year = {1991}}

@book{certeau,
	Address = {Berkeley},
	Author = {{Michel} {de Certeau}},
	Booktitle = {The Practice of Everyday Life},
	Date-Added = {2015-11-20 06:29:30 +0000},
	Date-Modified = {2015-11-20 06:43:57 +0000},
	Isbn = {9780520236998},
	Publisher = {University of California Press},
	Title = {The Practice of Everyday Life},
	Translator = {Steven Rendall},
	Year = {2002}}

@book{qualitative-gis,
	Address = {Los Angeles},
	Date-Added = {2015-11-20 06:27:32 +0000},
	Date-Modified = {2015-11-20 06:27:32 +0000},
	Editor = {Meghan Cope and Sarah Elwood},
	Isbn = {1412945658},
	Keywords = {Geographic information systems},
	Lccn = {G70.212 {.Q34} 2009},
	Publisher = {{SAGE}},
	Shorttitle = {Qualitative {GIS}},
	Title = {Qualitative {GIS:} A Mixed Methods Approach},
	Url = {https://libcat.uchicago.edu/ipac20/ipac.jsp?uri=link=3100007~!10902399~!3100001~!3100002&profile=ucpublic},
	Year = {2009},
	Bdsk-Url-1 = {https://libcat.uchicago.edu/ipac20/ipac.jsp?uri=link=3100007~!10902399~!3100001~!3100002&profile=ucpublic}}

@incollection{qualitative-gis-intro,
	Author = {Sarah Elwood and Meghan Cope},
	Booktitle = {Qualitative {GIS:} A Mixed Methods Approach},
	Crossref = {qualitative-gis},
	Date-Added = {2015-11-20 06:27:32 +0000},
	Date-Modified = {2015-11-20 06:27:32 +0000},
	Pages = {1--12},
	Title = {Introduction: Qualitative GIS: Forging Mixed Methods through Representations, Analytical Innovations, and Conceptual Engagements}}
